@inproceedings{donze2012,
  title        = {On temporal logic and signal processing},
  author       = {Donz{\'e}, Alexandre and Maler, Oded and Bartocci, Ezio and Nickovic, Dejan and Grosu, Radu and Smolka, Scott},
  booktitle    = {Automated Technology for Verification and Analysis: 10th International Symposium, ATVA 2012, Thiruvananthapuram, India, October 3-6, 2012. Proceedings 10},
  pages        = {92--106},
  year         = {2012},
  organization = {Springer}
}

@inproceedings{maler2004,
  title        = {Monitoring temporal properties of continuous signals},
  author       = {Maler, Oded and Nickovic, Dejan},
  booktitle    = {International symposium on formal techniques in real-time and fault-tolerant systems},
  pages        = {152--166},
  year         = {2004},
  organization = {Springer}
}

@article{maler2008,
  title     = {Checking temporal properties of discrete, timed and continuous behaviors},
  author    = {Maler, Oded and Nickovic, Dejan and Pnueli, Amir},
  journal   = {Pillars of Computer Science: Essays Dedicated to Boris (Boaz) Trakhtenbrot on the Occasion of His 85th Birthday},
  pages     = {475--505},
  year      = {2008},
  publisher = {Springer}
}

@inproceedings{nickovic2007,
  title={AMT: A property-based monitoring tool for analog systems},
  author={Nickovic, Dejan and Maler, Oded},
  booktitle={International Conference on Formal Modeling and Analysis of Timed Systems},
  pages={304--319},
  year={2007},
  organization={Springer}
}

@inproceedings{donze2010,
  title={Robust satisfaction of temporal logic over real-valued signals},
  author={Donz{\'e}, Alexandre and Maler, Oded},
  booktitle={International Conference on Formal Modeling and Analysis of Timed Systems},
  pages={92--106},
  year={2010},
  organization={Springer}
}

@inproceedings{donze2013,
  title={Efficient robust monitoring for $\mathtt{STL} $},
  author={Donz{\'e}, Alexandre and Ferrere, Thomas and Maler, Oded},
  booktitle={Computer Aided Verification: 25th International Conference, CAV 2013, Saint Petersburg, Russia, July 13-19, 2013. Proceedings 25},
  pages={264--279},
  year={2013},
  organization={Springer}
}

@article{fainekos2009,
  title={Robustness of temporal logic specifications for continuous-time signals},
  author={Fainekos, Georgios E and Pappas, George J},
  journal={Theoretical Computer Science},
  volume={410},
  number={42},
  pages={4262--4291},
  year={2009},
  publisher={Elsevier}
}

